@online{bittorrent,
	title={The BitTorrent Protocol Specification},
	author={Bram Cohen and BitTorrent Inc},
	year=2001,
	note= {\url{http://bittorrent.org/beps/bep_0003.html} and
		\url{https://en.wikipedia.org/wiki/BitTorrent} for an overview}
}

@online{kademlia,
	title={Kademlia: A Peer-to-peer Information System Based on the XOR Metric},
	author={Petar Maymounkov and David Mazieres},
	year=2002,
	url={http://www.maymounkov.org/papers/maymounkov-kademlia-lncs.pdf}
}

@online{bitcoin,
	title={Bitcoin: A Peer-to-Peer Electronic Cash System},
	author={Satoshi Nakamoto},
	year=2009,
	url={https://bitcoin.org/bitcoin.pdf}
}

@book{tor,
	title={Tor: The Second-Generation Onion Router},
	author={Roger Dingledine, Nick Mathewson and Paul Syverson},
	year=2004,
	publisher={Usenix Security},
	url={https://svn.torproject.org/svn/projects/design-paper/tor-design.pdf}
}

@online{i2p,
	title={I2P Technical Documentation},
	author={I2P Team},
	year=2003,
	url={https://geti2p.net/en/docs}
}

@online{cjdns,
	title={cjdns Whitepaper},
	author={Caleb James DeLisle (cjdelisle)},
	year=2012,
	url={https://github.com/cjdelisle/cjdns/blob/master/doc/Whitepaper.md}
}

@online{gnutella,
	title={Gnutella},
	author={Justin Frankel and Tom Pepper},
	year=2000,
	url={https://en.wikipedia.org/wiki/Gnutella},
	note={No official release, see wiki page}
}

@online{length,
	title={Flickr's API Signature Forgery Vulnerability},
	author={Thai Duong and Juliano Rizzo},
	year={2009},
	url={http://netifera.com/research/flickr_api_signature_forgery.pdf}
}

@online{spam,
	title={Newsgroup spam},
	url={https://en.wikipedia.org/wiki/Newsgroup_spam}
}
@online{yamux,
	title="Yamux: Yet Another Multiplexer",
	url={https://github.com/hashicorp/yamux}

}
